<record><leader>00000cas a22000007a 4500</leader><controlfield tag="001">34046995</controlfield><controlfield tag="008">960117d19uu1993akusr ne      0    0eng d</controlfield><datafield ind1=" " ind2=" " tag="010"><subfield code="a">sn 95060099 </subfield></datafield><datafield ind1=" " ind2=" " tag="040"><subfield code="a">ANE</subfield><subfield code="b">eng</subfield><subfield code="c">ANE</subfield><subfield code="d">OCLCQ</subfield><subfield code="d">OCLCF</subfield><subfield code="d">OCLCO</subfield></datafield><datafield ind1="1" ind2=" " tag="029"><subfield code="a">AU@</subfield><subfield code="b">000012204400</subfield></datafield><datafield ind1=" " ind2=" " tag="042"><subfield code="a">msc</subfield></datafield><datafield ind1=" " ind2=" " tag="043"><subfield code="a">n-us-ak</subfield></datafield><datafield ind1="0" ind2="4" tag="245"><subfield code="a">The Aniak paper.</subfield></datafield><datafield ind1=" " ind2=" " tag="260"><subfield code="a">Aniak, Alaska :</subfield><subfield code="b">[s.n.],</subfield><subfield code="c">-1993.</subfield></datafield><datafield ind1=" " ind2=" " tag="300"><subfield code="a">v.</subfield></datafield><datafield ind1=" " ind2=" " tag="310"><subfield code="a">Semimonthly</subfield></datafield><datafield ind1="0" ind2=" " tag="362"><subfield code="a">-v. 5, no. 5 (week of Mar. 29-Apr. 2, 1993).</subfield></datafield><datafield ind1=" " ind2=" " tag="500"><subfield code="a">"The Aniak paper is a nonprofit corporation magazine for citizens of Aniak and neighboring communities."</subfield></datafield><datafield ind1=" " ind2=" " tag="515"><subfield code="a">Beginning with Sept. 28-Oct. 2, 1992 issue, chronological designation is a weekly date range.</subfield></datafield><datafield ind1=" " ind2=" " tag="588"><subfield code="a">Description based on: Vol. 3, no. 14 (Sept. 15, 1991).</subfield></datafield><datafield ind1=" " ind2="0" tag="651"><subfield code="a">Aniak (Alaska)</subfield><subfield code="v">Newspapers.</subfield></datafield><datafield ind1=" " ind2="7" tag="655"><subfield code="a">Newspapers.</subfield><subfield code="2">fast</subfield><subfield code="0">(OCoLC)fst01423814</subfield></datafield><datafield ind1=" " ind2="7" tag="651"><subfield code="a">Alaska</subfield><subfield code="z">Aniak.</subfield><subfield code="2">fast</subfield><subfield code="0">(OCoLC)fst01299142</subfield></datafield><datafield ind1=" " ind2=" " tag="752"><subfield code="a">United States</subfield><subfield code="b">Alaska</subfield><subfield code="d">Aniak.</subfield></datafield><datafield ind1="0" ind2="0" tag="780"><subfield code="t">Alternative (Aniak, Alaska)</subfield></datafield><datafield ind1="0" ind2="0" tag="785"><subfield code="t">Interior echo</subfield><subfield code="w">(DLC)sn 95060100</subfield><subfield code="w">(OCoLC)34046997</subfield></datafield></record>